
@online{ceph_home,
    author = "{Red Hat, Inc.}",
    title = "Ceph Homepage",
    url  = "https://ceph.com",
    addendum = "(accessed: 2018-02-05)",
    copyright = {Red Hat, Inc, and contributors},
    year = {2017},
}

@online{ceph_intro,
	author = "{Red Hat, Inc.}",
	title = {Intro to {Ceph} — {Ceph} {Documentation}},
	copyright = {Red Hat, Inc, and contributors},
	url = {http://docs.ceph.com/docs/master/start/intro/},
	language = {en-US},
	urldate = {2018-02-05},
	year = {2016},
	file = {Intro to Ceph — Ceph Documentation:/Users/bowensong/Zotero/storage/ARDH3EUW/intro.html:text/html}
}
@article{trace_dis,
    author = "{Raja R. Sambasivan, et al.}",
    title = "{So, you want to trace your distributed system? Key design insights from years of practical experience}",
    journal = "Carnegie Mellon University Parallel Data Lab Technical Report CMU-PDL-14-102",
    year = "April, 2014",
    DOI = "http://www.pdl.cmu.edu/PDL-FTP/SelfStar/CMU-PDL-14-102_abs.shtml",
}

@techreport{Dapper,
	title = {Dapper, a Large-Scale Distributed Systems Tracing Infrastructure},
	author  = {Benjamin H. Sigelman and Luiz André Barroso and Mike Burrows and Pat Stephenson and Manoj Plakal and Donald Beaver and Saul Jaspan and Chandan Shanbhag},
	year  = {2010},
	URL = {https://research.google.com/archive/papers/dapper-2010-1.pdf},
	institution = {Google, Inc.}
}
% Optional fields: volume, number, pages, month, note
@ARTICLE{Key,
	author = "{Sage A. Weil, et al.}",
	title = {Ceph: a scalable, high-performance distributed file system},
	journal = {OSDI ’06 Proceedings of the 7th symposium on Operating systems design and implementation},
	address = {Seattle, WA},
	year = {2006}
}
@online{ceph_blkin,
	author = "{Red Hat, Inc.}",
	title = {Tracing {Ceph} {With} {BlkKin} — {Ceph} {Documentation}},
	copyright = {Red Hat, Inc, and contributors},
	url = {http://docs.ceph.com/docs/master/dev/blkin/},
	language = {en-US},
	urldate = {2018-02-05},
	year = {2016},
	file = {Tracing Ceph With BlkKin — Ceph Documentation:/Users/bowensong/Zotero/storage/KFBXSHRY/blkin.html:text/html}
}