@ARTICLE{893287,
author={},
journal={IEEE Std. 1516-2000},
title={{IEEE Standard for Modeling and Simulation {(M\&S)} High Level Architecture {(HLA)} - Framework and Rules}},
year={2000},
volume={},
pages={i -22},
doi={10.1109/IEEESTD.2000.92296},
}
